
@techreport{rios,
  title={A heuristic based on mathematical programming for a lot-sizing and scheduling problem in mold-injection production},
  author={R\'{\i}os-Sol\'{\i}s, Y. A. and Ibarra-Rojas, O. J. and Cabo, M. and Possani, E.},
  institution={Programa de Posgrado en Ingener\'{\i}a de Sistemas, Facultad de
  Ingenier\'{\i}a Mec\'anica y El\'ectrica, Universidad Autónoma de Nuevo León},
  address = "San Nicol\'as de los Garza, NL, M\'exico",
  year={2019},
  type = "Reporte t\'ecnico",
    NUMBER ={PISIS-2019-03}
}


@article{ibarra2011decomposition,
  title={A decomposition approach for the piece--mold--machine manufacturing problem},
  author={Ibarra-Rojas, O. J. and R{\'\i}os-Mercado, R. Z. and Ríos-Solís, Y. A. and Saucedo-Espinosa, M. A.},
  journal={International Journal of Production Economics},
  volume={134},
  number={1},
  pages={255--261},
  year={2011},
  publisher={Elsevier}
}

 
@misc{Online,
author ="{El Comercio}",
title = {Mira en 2 minutos cómo se fabrica tu tarjeta madre},
year = {2015},
howpublished = "{https://elcomercio.pe/tecnologia/actualidad/mira-2-minutos-fabrica-tarjeta-madre-video-387898}",
urldate = {5-10-2015}
}


@book{narasimhan1996planeacion,
   AUTHOR = "S. L. Narasimhan and D. W. McLeavey and P. J. Billington",
   TITLE = "Planeaci{\'o}n de la Producci{\'o}n y Control de Inventarios",
   PUBLISHER = "Prentice-Hall Hispanoamericana",
   YEAR = "1996",
   address = "M\'exico, DF",
   note = "" }

@PHDTHESIS{chacon2014metodo,
   title = {Metodo Heur\'{\i}stico para el Balance de L\'{\i}neas de Ensamble con Consideraciones Ergon\'omicas},
   author = {E. R. {Medina Chac\'on}},
   school = {Universidad de Carabobo},
   year = {2014},
   type = {Tesis doctoral},
   address = {B\'arbula, Venezuela},
   month = {Noviembre}
}


@inproceedings{bautista2005hiperheuristica,
  title={Hiperheur{\'\i}stica para un problema de equilibrado de l{\'\i}neas de montaje usando Scatter Search},
  author={Bautista, J. and Fern{\'a}ndez, E. and Gonz{\'a}lez Velarde, J. L. and Laguna, M.},
  booktitle={Actas del IV Congreso Español sobre Metaheurísticas, Algoritmos Evolutivos y Bioinspirados (MAEB2005)},
  pages={839--845},
  address="Granada, España",
  year={2005}
}

